<?xml version="1.0" encoding="UTF-8"?><collection xmlns="http://www.loc.gov/MARC21/slim"><record><leader>00517nam--2200181-i-4500</leader><controlfield tag="001">000031769</controlfield><controlfield tag="002">20161230</controlfield><controlfield tag="005">20161230201038</controlfield><controlfield tag="008">060222s1000------------r-----000-0-eng-d</controlfield><datafield ind1=" " ind2=" " tag="040"><subfield code="a">IFIN-HH</subfield></datafield><datafield ind1=" " ind2=" " tag="080"><subfield code="a">539.14:539.17</subfield></datafield><datafield ind1="1" ind2=" " tag="100"><subfield code="a">Mahaux, C</subfield></datafield><datafield ind1="1" ind2="0" tag="245"><subfield code="a">Shell-model approach to nuclear reactions</subfield><subfield code="c">Claude mahaux, hans a. weidenmuller</subfield></datafield><datafield ind1=" " ind2=" " tag="260"><subfield code="a">Amsterdam</subfield><subfield code="b">North-holland Publishing Company</subfield><subfield code="c">1969</subfield></datafield><datafield ind1=" " ind2=" " tag="300"><subfield code="a">XII+347P</subfield></datafield><datafield ind1="1" ind2=" " tag="700"><subfield code="a">Weidenmuller, H.A</subfield></datafield><datafield ind1=" " ind2=" " tag="852"><subfield code="a">30784</subfield><subfield code="c">539.17</subfield></datafield><datafield ind1=" " ind2=" " tag="CAT"><subfield code="a">Sys</subfield><subfield code="c">20120606</subfield><subfield code="h">144919</subfield></datafield></record></collection>